<?xml version="1.0" encoding="UTF-8"?><record xmlns="http://www.loc.gov/MARC21/slim" xmlns:cinclude="http://apache.org/cocoon/include/1.0" xmlns:zs="http://www.loc.gov/zing/srw/">
  <leader>00506cz  a2200145n  4500</leader>
  <controlfield tag="001">n  90687629 </controlfield>
  <controlfield tag="003">DLC</controlfield>
  <controlfield tag="005">20000712064458.0</controlfield>
  <controlfield tag="008">900830n| acannaabn          |a aad      </controlfield>
  <datafield tag="010" ind1=" " ind2=" ">
    <subfield code="a">n  90687629 </subfield>
  </datafield>
  <datafield tag="035" ind1=" " ind2=" ">
    <subfield code="a">(OCoLC)oca02807428</subfield>
  </datafield>
  <datafield tag="040" ind1=" " ind2=" ">
    <subfield code="a">DLC</subfield>
    <subfield code="b">eng</subfield>
    <subfield code="c">DLC</subfield>
    <subfield code="d">OCoLC</subfield>
  </datafield>
  <datafield tag="100" ind1="1" ind2=" ">
    <subfield code="a">Monroy Padilla, Mari패a Isabel</subfield>
  </datafield>
  <datafield tag="400" ind1="1" ind2=" ">
    <subfield code="a">Padilla, Mari패a Isabel Monroy</subfield>
  </datafield>
  <datafield tag="670" ind1=" " ind2=" ">
    <subfield code="a">nuc90-54605: Her Guia de las Actas de Cabildo ... 1987</subfield>
    <subfield code="b">(hdg. on MiU rept.: Monroy Padilla, Mari패a Isabel; usage: Mari패a Isabel Monroy Padilla)</subfield>
  </datafield>
</record>